<?xml version="1.0" encoding="UTF-8"?><record xmlns="http://www.loc.gov/MARC21/slim" xmlns:cinclude="http://apache.org/cocoon/include/1.0" xmlns:zs="http://www.loc.gov/zing/srw/">
  <leader>01155cz  a2200229n  4500</leader>
  <controlfield tag="001">nr2001035911</controlfield>
  <controlfield tag="003">DLC</controlfield>
  <controlfield tag="005">20041007074814.0</controlfield>
  <controlfield tag="008">010904n| acaaaaaan          |a ana     c</controlfield>
  <datafield tag="010" ind1=" " ind2=" ">
    <subfield code="a">nr2001035911</subfield>
  </datafield>
  <datafield tag="040" ind1=" " ind2=" ">
    <subfield code="a">NIC</subfield>
    <subfield code="b">eng</subfield>
    <subfield code="c">NIC</subfield>
    <subfield code="d">DLC</subfield>
  </datafield>
  <datafield tag="130" ind1=" " ind2="0">
    <subfield code="a">Katalog pist︠s︡ovykh knig russkogo gosudarstva</subfield>
  </datafield>
  <datafield tag="430" ind1=" " ind2="0">
    <subfield code="a">Serii︠a︡ "Katalog pist︠s︡ovykh knig russkogo gosudarstva"</subfield>
  </datafield>
  <datafield tag="430" ind1=" " ind2="0">
    <subfield code="a">Dokumenty zemelʹnogo kadastra i zemleustroĭstva XVI-XVII vv. (RGADA. F. 1209. Pomestnyĭ prikaz)</subfield>
  </datafield>
  <datafield tag="410" ind1="2" ind2=" ">
    <subfield code="a">Rossiĭskiĭ gosudarstvennyĭ arkhiv drevnikh aktov.</subfield>
    <subfield code="n">Fond 1209,</subfield>
    <subfield code="p">"Pomestnyĭ prikaz.</subfield>
    <subfield code="t">Katalog pist︠s︡ovykh knig russkogo gosudarstva</subfield>
  </datafield>
  <datafield tag="642" ind1=" " ind2=" ">
    <subfield code="a">vyp. 1</subfield>
    <subfield code="5">DPCC</subfield>
    <subfield code="5">DLC</subfield>
    <subfield code="5">NIC</subfield>
  </datafield>
  <datafield tag="643" ind1=" " ind2=" ">
    <subfield code="a">Moskva</subfield>
    <subfield code="b">Pami︠a︡tniki istoricheskoĭ mysli</subfield>
  </datafield>
  <datafield tag="644" ind1=" " ind2=" ">
    <subfield code="a">f</subfield>
    <subfield code="5">DLC</subfield>
    <subfield code="5">NIC</subfield>
  </datafield>
  <datafield tag="645" ind1=" " ind2=" ">
    <subfield code="a">t</subfield>
    <subfield code="5">DPCC</subfield>
    <subfield code="5">DLC</subfield>
    <subfield code="5">NIC</subfield>
  </datafield>
  <datafield tag="646" ind1=" " ind2=" ">
    <subfield code="a">s</subfield>
    <subfield code="5">DLC</subfield>
    <subfield code="5">NIC</subfield>
  </datafield>
  <datafield tag="667" ind1=" " ind2=" ">
    <subfield code="a">Subtitle: Dokumenty zemelʹnogo kadastra i zemleustroĭstva XVI-XVII vv. (RGADA. F. 1209. Pomestnyĭ prikaz)</subfield>
  </datafield>
  <datafield tag="670" ind1=" " ind2=" ">
    <subfield code="a">Pist︠s︡ovye knigi Russkogo Severa, 2001:</subfield>
    <subfield code="b">t.p. (Katalog pist︠s︡ovykh knig russkogo gosudarstva) t.p. verso (Serii︠a︡ "Katalog pist︠s︡ovykh knig russkogo gosudarstva")</subfield>
  </datafield>
</record>